<?xml version="1.0" encoding="UTF-8"?><record xmlns="http://www.loc.gov/MARC21/slim" xmlns:cinclude="http://apache.org/cocoon/include/1.0" xmlns:zs="http://www.loc.gov/zing/srw/">
  <leader>00707cz  a2200157n  4500</leader>
  <controlfield tag="001">n  88060699 </controlfield>
  <controlfield tag="003">DLC</controlfield>
  <controlfield tag="005">20120807083559.0</controlfield>
  <controlfield tag="008">880404n| acannaab           |a ana      </controlfield>
  <datafield tag="010" ind1=" " ind2=" ">
    <subfield code="a">n  88060699 </subfield>
  </datafield>
  <datafield tag="040" ind1=" " ind2=" ">
    <subfield code="a">DLC</subfield>
    <subfield code="b">eng</subfield>
    <subfield code="c">DLC</subfield>
    <subfield code="d">DLC</subfield>
  </datafield>
  <datafield tag="111" ind1="2" ind2=" ">
    <subfield code="a">International Conference on Kibbutz &amp; Communes</subfield>
    <subfield code="d">(1985 :</subfield>
    <subfield code="c">Yad T鈍쓰benk鈍쓸n)</subfield>
  </datafield>
  <datafield tag="411" ind1="2" ind2=" ">
    <subfield code="a">Conference on Kibbutz &amp; Communes, International</subfield>
  </datafield>
  <datafield tag="411" ind1="2" ind2=" ">
    <subfield code="a">International Conference on Kibbutz and Communes</subfield>
    <subfield code="d">(1985 :</subfield>
    <subfield code="c">Yad T鈍쓰benk鈍쓸n)</subfield>
  </datafield>
  <datafield tag="667" ind1=" " ind2=" ">
    <subfield code="a">THIS 1XX FIELD CANNOT BE USED UNDER RDA UNTIL THIS RECORD HAS BEEN REVIEWED AND/OR UPDATED</subfield>
  </datafield>
  <datafield tag="670" ind1=" " ind2=" ">
    <subfield code="a">Its Communal life, 1987:</subfield>
    <subfield code="b">verso t.p. (International Conference on Kibbutz &amp; Communes, May 1985, Yad Tabenkin-Efal, Israel)</subfield>
  </datafield>
</record>